<?xml version="1.0" encoding="UTF-8"?><collection xmlns="http://www.loc.gov/MARC21/slim"><record><leader>00470nam--2200169-i-4500</leader><controlfield tag="001">000042817</controlfield><controlfield tag="002">20161230</controlfield><controlfield tag="005">20161230201043</controlfield><controlfield tag="008">060222s1000------------r-----000-0-eng-d</controlfield><datafield ind1=" " ind2=" " tag="040"><subfield code="a">IFIN-HH</subfield></datafield><datafield ind1=" " ind2=" " tag="080"><subfield code="a">539.14:539.16:538.17</subfield></datafield><datafield ind1="1" ind2=" " tag="100"><subfield code="a">Preston, M.A</subfield></datafield><datafield ind1="1" ind2="0" tag="245"><subfield code="a">Physics of the nucleus</subfield><subfield code="c">M.a. preston</subfield></datafield><datafield ind1=" " ind2=" " tag="260"><subfield code="a">Reading, Massachustts</subfield><subfield code="b">Addisson-wesley Publishing Company, Inc</subfield><subfield code="c">1962</subfield></datafield><datafield ind1=" " ind2=" " tag="300"><subfield code="a">X + 661P</subfield></datafield><datafield ind1=" " ind2=" " tag="852"><subfield code="a">79359</subfield><subfield code="c">539.14</subfield></datafield><datafield ind1=" " ind2=" " tag="CAT"><subfield code="a">Sys</subfield><subfield code="c">20120323</subfield><subfield code="h">105103</subfield></datafield></record></collection>